@article{DBLP:journals/cj/Shen99,
  author    = {A. Shen},
  title     = {Discussion on {K}olmogorov Complexity and Statistical Analysis},
  journal   = {Comput. J.},
  year      = {1999},
  volume    = {42},
  number    = {4},
  pages     = {340--342},
  url       = {http://dx.doi.org/10.1093/comjnl/42.4.340},
  doi       = {10.1093/comjnl/42.4.340},
  timestamp = {Fri, 03 Oct 2014 16:20:19 +0200},
  biburl    = {http://dblp.uni-trier.de/rec/bib/journals/cj/Shen99},
  bibsource = {dblp computer science bibliography, http://dblp.org}
}

@book{li1993introduction,
  title={An introduction to {K}olmogorov complexity and its applications},
  author={M. Li and P.M.B. Vit\'anyi},
  year={1993},
  publisher={Springer-Verlag}
}

@article{gellmann1996information,
  author    = {M. Gell{-}Mann and
               S. Lloyd},
  title     = {Information measures, effective complexity, and total information},
  journal   = {Complexity},
  volume    = {2},
  number    = {1},
  pages     = {44--52},
  year      = {1996},
  url       = {http://dx.doi.org/10.1002/(SICI)1099-0526(199609/10)2:1<44::AID-CPLX10>3.0.CO;2-X},
  doi       = {10.1002/(SICI)1099-0526(199609/10)2:1<44::AID-CPLX10>3.0.CO;2-X},
  timestamp = {Wed, 26 Feb 2014 19:57:52 +0100},
  biburl    = {http://dblp.uni-trier.de/rec/bib/journals/complexity/Gell-MannL96},
  bibsource = {dblp computer science bibliography, http://dblp.org}
}

@article{kolmogorov1983combinatorial,
  title={Combinatorial foundations of information theory and the calculus of probabilities},
  author={A.N. Kolmogorov},
  journal={Russian Mathematical Surveys},
  volume={38},
  number={4},
  pages={29--40},
  year={1983},
  publisher={Turpion Ltd}
}

@article{koppel1991almost,
  author    = {M. Koppel and H. Atlan},
  title     = {An almost machine-independent theory of program-length complexity,
               sophistication, and induction},
  journal   = {Inf. Sci.},
  volume    = {56},
  number    = {1-3},
  pages     = {23--33},
  year      = {1991},
  url       = {http://dx.doi.org/10.1016/0020-0255(91)90021-L},
  doi       = {10.1016/0020-0255(91)90021-L},
  timestamp = {Wed, 02 Jun 2004 13:04:07 +0200},
  biburl    = {http://dblp.uni-trier.de/rec/bib/journals/isci/KoppelA91},
  bibsource = {dblp computer science bibliography, http://dblp.org}
}

@incollection{cover1985kolmogorov,
  title     = {{K}olmogorov complexity, data compression, and inference},
  author    = {T.M. Cover},
  booktitle = {The Impact of Processing Techniques on Communications},
  pages     = {23--33},
  year      = {1985},
  publisher = {Springer}
}

@article{shen1983concept,
  title={The concept of ($\alpha$, $\beta$)-stochasticity in the {K}olmogorov sense, and its properties},
  author={A. Kh. Shen},
  journal={Soviet Math. Dokl},
  volume={28},
  number={1},
  pages={295--299},
  year={1983}
}

@article{antunes2009sophistication,
  author    = {L.F.C. Antunes and L. Fortnow},
  title     = {Sophistication Revisited},
  journal   = {Theory Comput. Syst.},
  volume    = {45},
  number    = {1},
  pages     = {150--161},
  year      = {2009},
  url       = {http://springerlink.metapress.com/content/q132605835826g76/},
  timestamp = {Thu, 10 Dec 2009 12:24:42 +0100},
  biburl    = {http://dblp.uni-trier.de/rec/bib/journals/mst/AntunesF09},
  bibsource = {dblp computer science bibliography, http://dblp.org}
}

@article{gacs2001algorithmic,
  author    = {P. G{\'{a}}cs and
               J. Tromp and
               P.M.B. Vit{\'{a}}nyi},
  title     = {Algorithmic statistics},
  journal={{IEEE} Tr. Inf. Th.},
  volume    = {47},
  number    = {6},
  pages     = {2443--2463},
  year      = {2001},
  url       = {http://dx.doi.org/10.1109/18.945257},
  doi       = {10.1109/18.945257},
  timestamp = {Mon, 31 Oct 2011 17:05:16 +0100},
  biburl    = {http://dblp.uni-trier.de/rec/bib/journals/tit/GacsTV01},
  bibsource = {dblp computer science bibliography, http://dblp.org}
}



@article{vereshchagin2004kolmogorov,
  title={{K}olmogorov's structure functions and model selection},
  author={N.K. Vereshchagin and P.M.B. Vit{\'a}nyi},
  journal={{IEEE} Tr. Inf. Th.},
  volume={50},
  number={12},
  pages={3265--3290},
  year={2004},
  publisher={IEEE}
}


@article{ay2010effective,
  author    = {N. Ay and
               M. M{\"{u}}ller and
               A. Szkola},
  title     = {Effective complexity and its relation to logical depth},
  journal   = {{IEEE} Tr. Inf. Th.},
  volume    = {56},
  number    = {9},
  pages     = {4593--4607},
  year      = {2010},
  url       = {http://dx.doi.org/10.1109/TIT.2010.2053892},
  doi       = {10.1109/TIT.2010.2053892},
  timestamp = {Fri, 17 Dec 2010 21:53:46 +0100},
  biburl    = {http://dblp.uni-trier.de/rec/bib/journals/tit/AyMS10},
  bibsource = {dblp computer science bibliography, http://dblp.org}
}

@article{gell2004nonextensive,
  title={Effective complexity},
  author={M. Gell-Mann and S. Lloyd},
  journal={Nonextensive Entropy-Interdisciplinary Applications, by Edited by Murray Gell-Mann and C Tsallis, pp. 440. Oxford University Press, Apr 2004. ISBN-10: 0195159764. ISBN-13: 9780195159769},
  volume={1},
  year={2004}
}

@article{antunes2009depth,
  title={Depth as randomness deficiency},
  author={L. Antunes and A. Matos and A. Souto and P.M.B. Vit{\'a}nyi},
  journal={Theory of Computing Systems},
  volume={45},
  number={4},
  pages={724--739},
  year={2009},
  publisher={Springer}
}

@article{vitanyi2004meaningful,
  title={Meaningful Information},
  author={P.M.B. Vit{\'a}nyi},
  journal={{IEEE} Tr. Inf. Th.},
  volume={52},
  number={10},
  pages={4617--4626},
  year={2004},
  publisher={IEEE}
}

@article{terwijn2011nonapproximability,
  title={Nonapproximability of the normalized information distance},
  author={S.A. Terwijn and L. Torenvliet and P.M.B. Vit{\'a}nyi},
  journal={Journal of Computer and System Sciences},
  volume={77},
  number={4},
  pages={738--742},
  year={2011},
  publisher={Elsevier}
}

@article{bennett1998information,
  title={Information distance},
  author={Ch.H. Bennett and P. and G{\'a}cs and M. Li and P.M.B. Vit\'anyi and W.H. Zurek},
  journal={{IEEE} Tr. Inf. Th.},
  volume={44},
  number={4},
  pages={1407--1423},
  year={1998},
  publisher={ieee}
}


@article{li2004similarity,
  title={The similarity metric},
  author={M. Li and X. Chen and X. Li, Xin and B. Ma and P.M.B. Vit{\'a}nyi},
  journal={{IEEE} Tr. Inf. Th.},
  volume={50},
  number={12},
  pages={3250--3264},
  year={2004},
  publisher={IEEE}
}

@article{cilibrasi2005clustering,
  title={Clustering by compression},
  author={R. Cilibrasi and P.M.B. Vit{\'a}nyi},
  journal={{IEEE} Tr. Inf. Th.},
  volume={51},
  number={4},
  pages={1523--1545},
  year={2005},
  publisher={IEEE}
}

@article{antunes2006computational,
  title={Computational depth: concept and applications},
  author={L. Antunes and L. Fortnow and D. van Melkebeek and N.V. Vinodchandran},
  journal={Theoretical Computer Science},
  volume={354},
  number={3},
  pages={391--404},
  year={2006},
  publisher={Elsevier}
}

@book{sipser2006introduction,
  title={Introduction to the Theory of Computation},
  author={M. Sipser},
  volume={27},
  year={2006},
  publisher={Thomson Course Technology Boston, MA}
}

@article{cover1994elements,
  title={Elements of information theory},
  author={T.M. Cover and J.A. Thomas and J. Kieffer},
  journal={SIAM Review},
  volume={36},
  number={3},
  pages={509--510},
  year={1994},
  publisher={Philadelphia, Society for Industrial and Applied Mathematics.}
}

@book{grunwald2007minimum,
  title={The minimum description length principle},
  author={P.D. Gr{\"u}nwald},
  year={2007},
  publisher={The MIT Press}
}

@book{ausiello1999complexity,
  title={Complexity and approximation: Combinatorial optimization problems and their approximability properties},
  author={G. Ausiello},
  year={1999},
  publisher={Springer}
}

@article{hennie1966two,
  title={Two-tape simulation of multitape {T}uring machines},
  author={F.C. Hennie and R.E. Stearns},
  journal={Journal of the ACM (JACM)},
  volume={13},
  number={4},
  pages={533--546},
  year={1966},
  publisher={ACM}
}

@article{antunes2013one,
  title={One-Way Functions Using Algorithmic and Classical Information Theories},
  author={L. Antunes and A. Matos and A. Pinto and A. Souto and A. Teixeira},
  journal={Theory of Computing Systems},
  volume={52},
  number={1},
  pages={162--178},
  year={2013},
  publisher={Springer}
}

@misc{adriaans2012facticity,
  title={Facticity as the amount of self-descriptive information in a data set},
  author={P. Adriaans},
  note={arXiv:1203.2245},
  year={2012}
}

@misc{gailly1991gzip,
  title={The GZIP compressor},
  author={J.L. Gailly and M. Adler},
  year={1991}
}

@article{rissanen1978modeling,
  title={Modeling by shortest data description},
  author={J. Rissanen},
  journal={Automatica},
  volume={14},
  number={5},
  pages={465--471},
  year={1978},
  publisher={Elsevier}
}

@article{rissanen1984universal,
  title={Universal coding, information, prediction, and estimation},
  author={J. Rissanen},
  journal={{IEEE} Tr. Inf. Th.},
  volume={30},
  number={4},
  pages={629--636},
  year={1984},
  publisher={IEEE}
}

@article{schmidhuber2004optimal,
  title={Optimal ordered problem solver},
  author={J. Schmidhuber},
  journal={Machine Learning},
  volume={54},
  number={3},
  pages={211--254},
  year={2004},
  publisher={Springer}
}

@article{hutter2002fastest,
  title={The fastest and shortest algorithm for all well-defined problems},
  author={M. Hutter},
  journal={International Journal of Foundations of Computer Science},
  volume={13},
  number={03},
  pages={431--443},
  year={2002},
  publisher={World Scientific}
}

@article{levin1973universal,
  title={Universal sequential search problems},
  author={L.A. Levin},
  journal={Problemy Peredachi Informatsii},
  volume={9},
  number={3},
  pages={115--116},
  year={1973},
  publisher={Russian Academy of Sciences, Branch of Informatics, Computer Equipment and Automatization}
}

@inproceedings{keogh2004towards,
  title={Towards parameter-free data mining},
  author={E. Keogh and S. Lonardi and C.A. Ratanamahatana},
  booktitle={Proceedings of the tenth ACM SIGKDD international conference on Knowledge discovery and data mining},
  pages={206--215},
  year={2004},
  organization={ACM}
}

@article{DBLP:journals/corr/abs-cs-0609121,
  author    = {S. de Rooij and P.M.B. Vit{\'{a}}nyi},
  title     = {Approximating Rate-Distortion Graphs of Individual Data: Experiments
               in Lossy Compression and Denoising},
  journal   = {CoRR},
  year      = {2006},
  volume    = {abs/cs/0609121},
  url       = {http://arxiv.org/abs/cs/0609121},
  timestamp = {Fri, 03 Oct 2014 16:32:05 +0200},
  biburl    = {http://dblp.uni-trier.de/rec/bib/journals/corr/abs-cs-0609121},
  bibsource = {dblp computer science bibliography, http://dblp.org}
}

@incollection{koppelSoph1988,
  author      = "M. Koppel",
  title       = "Structure",
  booktitle   = "The Universal {T}uring Machine: A Half-Century Survey",
  publisher   = "Oxford University Press",
  year        = 1988,
}


@inproceedings{mota2013sophistication,
  author    = {F. Mota and
               S. Aaronson and
               L.F.C. Antunes and
               A. Souto},
  title     = {Sophistication as Randomness Deficiency},
  booktitle = {Descr. Complexity of Formal Systems, DCFS 2013},
  year      = {2013},
  pages     = {172--181},
  url       = {http://dx.doi.org/10.1007/978-3-642-39310-5_17},
  doi       = {10.1007/978-3-642-39310-5_17},
  timestamp = {Thu, 09 Oct 2014 09:39:20 +0200},
  biburl    = {http://dblp.uni-trier.de/rec/bib/conf/dcfs/MotaAAS13},
  bibsource = {dblp computer science bibliography, http://dblp.org}
}

@inproceedings{DBLP:conf/alt/BloemMR0A14,
  author    = {P. Bloem and
               F. Mota and
               S. de Rooij and
               L. Antunes and
               P. Adriaans},
  title     = {A Safe Approximation for {K}olmogorov Complexity},
  booktitle = {Algorithmic Learning Theory - 25th International Conference, {ALT}
               2014, Bled, Slovenia, October 8-10, 2014. Proceedings},
  year      = {2014},
  pages     = {336--350},
  crossref  = {DBLP:conf/alt/2014},
  url       = {http://dx.doi.org/10.1007/978-3-319-11662-4_24},
  doi       = {10.1007/978-3-319-11662-4_24},
  timestamp = {Thu, 09 Oct 2014 09:39:45 +0200},
  biburl    = {http://dblp.uni-trier.de/rec/bib/conf/alt/BloemMR0A14},
  bibsource = {dblp computer science bibliography, http://dblp.org}
}

@book{downey2010algorithmic,
  title={Algorithmic randomness and complexity},
  author={Downey, Rodney G and Hirschfeldt, Denis R},
  year={2010},
  publisher={Springer Science \& Business Media}
}

@proceedings{DBLP:conf/alt/2014,
  editor    = {P. Auer and
               A. Clark and
               T. Zeugmann and
               S. Zilles},
  title     = {Algorithmic Learning Theory - 25th International Conference, {ALT}
               2014, Bled, Slovenia, October 8-10, 2014. Proceedings},
  series    = {Lecture Notes in Computer Science},
  year      = {2014},
  volume    = {8776},
  publisher = {Springer},
  url       = {http://dx.doi.org/10.1007/978-3-319-11662-4},
  doi       = {10.1007/978-3-319-11662-4},
  isbn      = {978-3-319-11661-7},
  timestamp = {Thu, 09 Oct 2014 09:39:45 +0200},
  biburl    = {http://dblp.uni-trier.de/rec/bib/conf/alt/2014},
  bibsource = {dblp computer science bibliography, http://dblp.org}
}

@misc{grunwald2004shannon,
  title={{S}hannon information and {K}olmogorov complexity},
  author={P. Gr\"unwald and P.M.B. Vit{\'a}nyi},
  note={arXiv:cs/0410002},
  year={2004}
}

@article{kleene193notation,
   author              = {S.C. Kleene},
   title               = {On Notation for Ordinal Numbers.},
   journal             = {J. Symb. Log.},
   year                = {1938},
   pages               = {150-155},
   ee                  = {http://projecteuclid.org/euclid.jsl/1183385485},
}

@misc{antunes2013sophistication,
   author              = {L.F.C. Antunes and 
                          B. Bauwens and 
                          A. Souto and 
                          A. Teixeira},
   title               = {Sophistication vs Logical Depth},
   journal             = {CoRR},
   year                = 2013,
   note                  = {http://arxiv.org/abs/1304.8046},
}

@article{DBLP:journals/tit/VereshchaginV04,
  author    = {N.K. Vereshchagin and
               P.M.B. Vit{\'{a}}nyi},
  title     = {{K}olmogorov's structure functions and model selection},
  journal={{IEEE} Tr. Inf. Th.},
  year      = {2004},
  volume    = {50},
  number    = {12},
  pages     = {3265--3290},
  url       = {http://dx.doi.org/10.1109/TIT.2004.838346},
  doi       = {10.1109/TIT.2004.838346},
  timestamp = {Fri, 03 Oct 2014 16:32:39 +0200},
  biburl    = {http://dblp.uni-trier.de/rec/bib/journals/tit/VereshchaginV04},
  bibsource = {dblp computer science bibliography, http://dblp.org}
}

@article{vereshchagin2013algorithmic,
year={2015},
issn={1432-4350},
journal={Theory of Computing Systems},
doi={10.1007/s00224-014-9605-1},
title={Algorithmic Minimal Sufficient Statistics: a New Approach},
url={http://dx.doi.org/10.1007/s00224-014-9605-1},
publisher={Springer US},
keywords={Algorithmic statistics; Minimum description length; Randomness deficiency; Sufficient statistic; Denoising},
author={Vereshchagin, Nikolay},
pages={1-19},
language={English}
}

@inproceedings{bloem2014safe,
   author              = {P. Bloem and 
                          F. Mota and 
                          S. de Rooij and 
                          L. Antunes 0002 and 
                          P. Adriaans},
   title               = {A Safe Approximation for {K}olmogorov Complexity.},
   booktitle           = {ALT},
   year                = {2014},
   pages               = {336-350},
   ee                  = {http://dx.doi.org/10.1007/978-3-319-11662-4_24},
}

@incollection{bennett1988logical,
   author              = {C.H. Bennett},
   title               = {Logical depth and physical complexity},
  booktitle   = "The Universal Turing Machine: A Half-Century Survey",
  publisher   = "Oxford University Press",
  year        = 1988,
}





