@book{mandelbrot1982fractal,
  title={The fractal geometry of nature},
  author={Mandelbrot, B.B.},
  year={1982},
  publisher={Times Books}
}

@article{goldberger1992fractal,
  title={Fractal mechanisms in the electrophysiology of the heart},
  author={Goldberger, A.L.},
  journal={Engineering in Medicine and Biology Magazine, IEEE},
  volume={11},
  number={2},
  pages={47--52},
  year={1992},
  publisher={IEEE}
}

@article{turiel2003multifractal,
  title={Multifractal geometry in stock market time series},
  author={Turiel, A. and P{\'e}rez-Vicente, C.J.},
  journal={Physica A: Statistical Mechanics and its Applications},
  volume={322},
  pages={629--649},
  year={2003},
  publisher={Elsevier}
}

@article{cheng1997multifractal,
  title={Multifractal modeling and lacunarity analysis},
  author={Cheng, Q.},
  journal={Mathematical Geology},
  volume={29},
  number={7},
  pages={919--932},
  year={1997},
  publisher={Springer}
}

@article{hutchinson2000deterministic,
  title={Deterministic and random fractals},
  author={Hutchinson, J.E.},
  journal={Complex Systems},
  pages={127--166},
  year={2000},
  publisher={Cambridge University Press}
}
