@book{mandelbrot1982fractal,
  title={The fractal geometry of nature},
  author={Mandelbrot, B.B.},
  year={1982},
  publisher={Times Books}
}

@article{goldberger1992fractal,
  title={Fractal mechanisms in the electrophysiology of the heart},
  author={Goldberger, A.L.},
  journal={Engineering in Medicine and Biology Magazine, IEEE},
  volume={11},
  number={2},
  pages={47--52},
  year={1992},
  publisher={IEEE}
}

@article{turiel2003multifractal,
  title={Multifractal geometry in stock market time series},
  author={Turiel, A. and P{\'e}rez-Vicente, C.J.},
  journal={Physica A: Statistical Mechanics and its Applications},
  volume={322},
  pages={629--649},
  year={2003},
  publisher={Elsevier}
}

@article{cheng1997multifractal,
  title={Multifractal modeling and lacunarity analysis},
  author={Cheng, Q.},
  journal={Mathematical Geology},
  volume={29},
  number={7},
  pages={919--932},
  year={1997},
  publisher={Springer}
}

@article{hutchinson2000deterministic,
  title={Deterministic and random fractals},
  author={Hutchinson, J.E.},
  journal={Complex Systems},
  pages={127--166},
  year={2000},
  publisher={Cambridge University Press}
}

@book{schroeder2009fractals,
  title={Fractals, chaos, power laws: Minutes from an infinite paradise},
  author={Schroeder, M.},
  year={2009},
  publisher={Dover Publications}
}

@article{hart1996fractal,
  title={Fractal image compression and recurrent iterated function systems},
  author={Hart, J.C.},
  journal={Computer Graphics and Applications, IEEE},
  volume={16},
  number={4},
  pages={25--33},
  year={1996},
  publisher={IEEE}
}

@article{umeyama1991least,
  title={Least-squares estimation of transformation parameters between two point patterns},
  author={Umeyama, S.},
  journal={Pattern Analysis and Machine Intelligence, IEEE Transactions on},
  volume={13},
  number={4},
  pages={376--380},
  year={1991},
  publisher={IEEE}
}

@mastersthesis{bloem2010fractal,
  title={Machine Learning and Fractal Geometry},
  author={Bloem, Peter},
  school={University of Amsterdam},
  year={2010}
}

@article{nettleton1994evolutionary,
  title={Evolutionary algorithms and a fractal inverse problem},
  author={Nettleton, D.J. and Garigliano, R.},
  journal={Biosystems},
  volume={33},
  number={3},
  pages={221--231},
  year={1994},
  publisher={Elsevier}
}

@article{hart1997similarity,
  title={Similarity hashing: A computer vision solution to the inverse problem of linear fractals},
  author={Hart, J.C. and Cochran, W.O. and Flynn, P.J.},
  journal={FRACTALS-LONDON-},
  volume={5},
  pages={39--50},
  year={1997},
  publisher={World Scientific Publishing Company}
}

@article{rinaldo1994inverse,
  title={Inverse and approximation problem for two-dimensional fractal sets},
  author={Rinaldo, R. and Zakhor, A.},
  journal={Image Processing, IEEE Transactions on},
  volume={3},
  number={6},
  pages={802--820},
  year={1994},
  publisher={IEEE}
}

@article{struzik1996coastline,
  title={From coastline length to inverse fractal problem: the concept of fractal metrology},
  author={Struzik, Z.R.},
  year={1996}
}

@article{mandelbrot1984fractals,
  title={Fractals in physics: squig clusters, diffusions, fractal measures, and the unicity of fractal dimensionality},
  author={Mandelbrot, B.B.},
  journal={Journal of Statistical Physics},
  volume={34},
  number={5},
  pages={895--930},
  year={1984},
  publisher={Springer}
}

@article{clauset2009power,
  title={Power-law distributions in empirical data},
  author={Clauset, A. and Shalizi, C.R. and Newman, M.E.J.},
  journal={SIAM review},
  volume={51},
  number={4},
  pages={661--703},
  year={2009},
  publisher={SIAM}
}

@article{takens1985numerical,
  title={On the numerical determination of the dimension of an attractor},
  author={Takens, F.},
  journal={Dynamical systems and bifurcations},
  pages={99--106},
  year={1985},
  publisher={Springer}
}

@inproceedings{deliu1991genetic,
  title={Genetic algorithms for the 1-D fractal inverse problem},
  author={Deliu, R Shonkwiler F Mendivil A},
  booktitle={Proceedings of the fourth international conference on genetic algorithms},
  pages={495},
  year={1991},
  organization={Citeseer}
}

@article{dempster1977maximum,
  title={Maximum likelihood from incomplete data via the EM algorithm},
  author={Dempster, Arthur P and Laird, Nan M and Rubin, Donald B},
  journal={Journal of the royal statistical society. Series B (methodological)},
  pages={1--38},
  year={1977},
  publisher={JSTOR}
}

@article{myronenko2010point,
  title={Point set registration: Coherent point drift},
  author={Myronenko, Andriy and Song, Xubo},
  journal={Pattern Analysis and Machine Intelligence, IEEE Transactions on},
  volume={32},
  number={12},
  pages={2262--2275},
  year={2010},
  publisher={IEEE}
}


@article{theiler1990estimating,
  title={Estimating fractal dimension},
  author={J. Theiler},
  journal={JOSA A},
  volume={7},
  number={6},
  pages={1055--1073},
  year={1990},
  publisher={Optical Society of America}
}

@article{collet2000polar,
  title={Polar {IFS} + {P}arisian genetic programming \= efficient {IFS} inverse problem solving},
  author={P. Collet and E. Lutton and F. Raynal and M. Schoenauer},
  journal={Genetic Programming and Evolvable Machines},
  volume={1},
  number={4},
  pages={339--361},
  year={2000},
  publisher={Springer}
}

@book{barnsley2014fractals,
  title={Fractals everywhere},
  author={M. F. Barnsley},
  year={2014},
  publisher={Academic press}
}

@article{greengard1991fast,
  title={The fast Gauss transform},
  author={L. Greengard and J. Strain},
  journal={SIAM Journal on Scientific and Statistical Computing},
  volume={12},
  number={1},
  pages={79--94},
  year={1991},
  publisher={SIAM}
}

@article{myronenko2009closed,
  title={On the closed-form solution of the rotation matrix arising in computer vision problems},
  author={Myronenko, Andriy and Song, Xubo},
  journal={arXiv preprint arXiv:0904.1613},
  year={2009}
}

@book{beal2003variational,
  title={Variational algorithms for approximate Bayesian inference},
  author={Beal, Matthew James},
  year={2003},
  publisher={University of London London}
}

@article{skrutskie2006two,
  title={The two micron all sky survey (2MASS)},
  author={Skrutskie, MF and Cutri, RM and Stiening, R and Weinberg, MD and Schneider, S and Carpenter, JM and Beichman, Capps and Capps, R and Chester, T and Elias, J and others},
  journal={The Astronomical Journal},
  volume={131},
  number={2},
  pages={1163},
  year={2006},
  publisher={IOP Publishing}
}

@article{bachlin2010wearable,
  title={Wearable assistant for Parkinsonâ€™s disease patients with the freezing of gait symptom},
  author={Bachlin, Marc and Plotnik, Meir and Roggen, Daniel and Maidan, Inbal and Hausdorff, Jeffrey M and Giladi, Nir and Troster, Gerhard},
  journal={IEEE Transactions on Information Technology in Biomedicine},
  volume={14},
  number={2},
  pages={436--446},
  year={2010},
  publisher={IEEE}
}

@book{franses2000non,
  title={Non-linear time series models in empirical finance},
  author={Franses, Philip Hans and Van Dijk, Dick},
  year={2000},
  publisher={Cambridge University Press}
}

@article{hyndman2010time,
  title={Time series data library},
  author={Hyndman, Rob J and Akram, M},
  journal={Available from Internet: http://robjhyndman. com/TSDL},
  year={2010}
}

@phdthesis{bloem2016single,
  title={Single sample statistics: exercises in learning from just one example},
  author={Bloem, Peter},
  year={2016},
  school={University of Amsterdam}
}