@FOOTNOTE{Note1,key="Note1",note="Mandelbrot originally defined fractals using Haussdorf dimension, but later stated that he preferred the word to be not precisely defined."}
@FOOTNOTE{Note2,key="Note2",note="\protect \url  {https://github.com/pbloem/ifsem}"}
@FOOTNOTE{Note3,key="Note3",note="To generalize to generic GMM models, the components should be extended to positive definite affine functions."}
@FOOTNOTE{Note4,key="Note4",note="This principle could be extended further, iteratively using the best model at depth $D$, as the initial model for depth $D+1$. For our experiments, however, we wish to emphasize the performance of a single-model search."}
@FOOTNOTE{Note5,key="Note5",note="We select only class-0 motions (i.e. natural motion, recorded in between the experiments)."}
@FOOTNOTE{Note6,key="Note6",note="Preprocessed data downloaded from \protect \url  {https://www.cfa.harvard.edu/~dfabricant/huchra/seminar/lsc/}."}
@CONTROL{REVTEX41Control}
@CONTROL{apsrev41Control,author="08",editor="1",pages="0",title="",year="1"}
