@book{li1997introduction,
  title={An introduction to Kolmogorov complexity and its applications},
  author={Li, Ming and Vitanyi, Paul MB},
  year={1997},
  publisher={Springer Verlag}
}


@article{li2004similarity,
  title={The similarity metric},
  author={Li, Ming and Chen, Xin and Li, Xin and Ma, Bin and Vit{\'a}nyi, Paul MB},
  journal={Information Theory, IEEE Transactions on},
  volume={50},
  number={12},
  pages={3250--3264},
  year={2004},
  publisher={IEEE}
}

@article{cilibrasi2005clustering,
  title={Clustering by compression},
  author={Cilibrasi, Rudi and Vit{\'a}nyi, Paul MB},
  journal={Information Theory, IEEE Transactions on},
  volume={51},
  number={4},
  pages={1523--1545},
  year={2005},
  publisher={IEEE}
}

@article{albert2002statistical,
  title={Statistical mechanics of complex networks},
  author={Albert, R{\'e}ka and Barab{\'a}si, Albert-L{\'a}szl{\'o}},
  journal={Reviews of modern physics},
  volume={74},
  number={1},
  pages={47},
  year={2002},
  publisher={APS}
}

@inproceedings{ketkar2005subdue,
  title={Subdue: compression-based frequent pattern discovery in graph data},
  author={Ketkar, Nikhil S and Holder, Lawrence B and Cook, Diane J},
  booktitle={Proceedings of the 1st international workshop on open source data mining: frequent pattern mining implementations},
  pages={71--76},
  year={2005},
  organization={ACM}
}

@article{song2006origins,
  title={Origins of fractality in the growth of complex networks},
  author={Song, Chaoming and Havlin, Shlomo and Makse, Hern{\'a}n A},
  journal={Nature Physics},
  volume={2},
  number={4},
  pages={275--281},
  year={2006},
  publisher={Nature Publishing Group}
}

@book{grunwald2007minimum,
  title={The minimum description length principle},
  author={Gr{\"u}nwald, Peter D},
  year={2007},
  publisher={MIT press}
}
