@article{adriaans2009between,
  title={Between order and chaos: The quest for meaningful information},
  author={Adriaans, Pieter},
  journal={Theory of Computing Systems},
  volume={45},
  number={4},
  pages={650--674},
  year={2009},
  publisher={Springer}
}

@article{adriaans2012facticity,
  title={Facticity as the amount of self-descriptive information in a data set},
  author={Adriaans, Pieter},
  journal={arXiv preprint arXiv:1203.2245},
  year={2012}
}

@article{de2012approximating,
  title={Approximating rate-distortion graphs of individual data: Experiments in lossy compression and denoising},
  author={de Rooij, Steven and Vitanyi, Paul},
  journal={Computers, IEEE Transactions on},
  volume={61},
  number={3},
  pages={395--407},
  year={2012},
  publisher={IEEE}
}


@article{wolpert2000self,
  title={Self-dissimilarity: An empirically observable complexity measure},
  author={Wolpert, David H and Macready, W},
  journal={Unifying themes in complex systems},
  pages={626--643},
  year={2000},
  publisher={Citeseer}
}

@article{wolpert2007using,
  title={Using self-dissimilarity to quantify complexity},
  author={Wolpert, David H and Macready, William},
  journal={Complexity},
  volume={12},
  number={3},
  pages={77--85},
  year={2007},
  publisher={Wiley Online Library}
}

@article{antunes2006computational,
  title={Computational depth: concept and applications},
  author={Antunes, Luis and Fortnow, Lance and Van Melkebeek, Dieter and Vinodchandran, NV},
  journal={Theoretical Computer Science},
  volume={354},
  number={3},
  pages={391--404},
  year={2006},
  publisher={Elsevier}
}

@incollection{antunes2003sophistication,
  title={Sophistication revisited},
  author={Antunes, Lu{\'\i}s and Fortnow, Lance},
  booktitle={Automata, Languages and Programming},
  pages={267--277},
  year={2003},
  publisher={Springer}
}

@article{vitanyi2006meaningful,
  title={Meaningful information},
  author={Vit{\'a}nyi, Paul M},
  journal={Information Theory, IEEE Transactions on},
  volume={52},
  number={10},
  pages={4617--4626},
  year={2006},
  publisher={IEEE}
}

@article{ay2010effective,
  title={Effective complexity and its relation to logical depth},
  author={Ay, Nihat and Muller, M and Szkola, Arleta},
  journal={Information Theory, IEEE Transactions on},
  volume={56},
  number={9},
  pages={4593--4607},
  year={2010},
  publisher={IEEE}
}

@article{gell1996information,
  title={Information measures, effective complexity, and total information},
  author={Gell-Mann, Murray and Lloyd, Seth},
  journal={Complexity},
  volume={2},
  number={1},
  pages={44--52},
  year={1996},
  publisher={Wiley Online Library}
}

@article{crutchfield1989inferring,
  title={Inferring statistical complexity},
  author={Crutchfield, James P and Young, Karl},
  journal={Physical Review Letters},
  volume={63},
  number={2},
  pages={105--108},
  year={1989},
  publisher={APS}
}

@article{crutchfield1990computation,
  title={Computation at the onset of chaos},
  author={Crutchfield, James P and Young, Karl},
  journal={Entropy, Complexity, and the Physics of Information},
  volume={8},
  pages={223},
  year={1990}
}

@article{feldman1998measures,
  title={Measures of statistical complexity: Why?},
  author={Feldman, David P and Crutchfield, James P},
  journal={Physics Letters A},
  volume={238},
  number={4},
  pages={244--252},
  year={1998},
  publisher={Elsevier}
}

@article{koppel1987complexity,
  title={Complexity, depth, and sophistication},
  author={Koppel, Moshe},
  journal={Complex Systems},
  volume={1},
  number={6},
  pages={1087--1091},
  year={1987}
}

@incollection{bennett1995logical,
  title={Logical depth and physical complexity},
  author={Bennett, Charles H},
  booktitle={The Universal Turing Machine A Half-Century Survey},
  pages={207--235},
  year={1995},
  publisher={Springer}
}

@article{grassberger1986toward,
  title={Toward a quantitative theory of self-generated complexity},
  author={Grassberger, Peter},
  journal={International Journal of Theoretical Physics},
  volume={25},
  number={9},
  pages={907--938},
  year={1986},
  publisher={Springer}
}

@article{boffetta2001predictability,
  title={Predictability: a way to characterize complexity},
  author={Boffetta, Guido and Cencini, Massimo and Falcioni, Massimo and Vulpiani, Angelo},
  journal={arXiv preprint nlin/0101029},
  year={2001}
}

@book{bense1969einfuhrung,
  title={Einf{\"u}hrung in die informationstheoretische {\"A}sthetik: Grundlegung und Anwendung in der Textheorie},
  author={Bense, Max},
  volume={320},
  year={1969},
  publisher={Rowohlt [Taschenbuch-Verlag}
}

@book{birkhoff1950collected,
  title={Collected mathematical papers},
  author={Birkhoff, George David},
  volume={2},
  year={1950},
  publisher={Dover Publications}
}

@article{mcwhinnie1968review,
  title={A review of research on aesthetic measure},
  author={McWhinnie, Harold J},
  journal={Acta Psychologica},
  volume={28},
  pages={363--375},
  year={1968},
  publisher={Elsevier}
}

@article{crutchfield1983symbolic,
  title={Symbolic dynamics of noisy chaos},
  author={Crutchfield, James P and Packard, NH},
  journal={Physica D: Nonlinear Phenomena},
  volume={7},
  number={1},
  pages={201--223},
  year={1983},
  publisher={Elsevier}
}

@article{crutchfield2011between,
  title={Between order and chaos},
  author={Crutchfield, James P},
  journal={Nature Physics},
  volume={8},
  number={1},
  pages={17--24},
  year={2011},
  publisher={Nature Publishing Group}
}

