@article{clauset2007power,
	title={Power-law distributions in empirical data}, 
	author={Clauset, A. and Shalizi, C.R. and Newman, M.E.J.},
	volume={51}, 
	number={4}, 
	journal={SIAM Review},
	publisher={SIAM}, 
	year={2007}, 
	pages={43}
}

@book{stanley1986growth,
  title={On growth and form: fractal and non-fractal patterns in physics},
  author={Stanley, H.E. and Ostrowsky, N.},
  volume={100},
  year={1986},
  publisher={Springer}
}

@misc{kumaraswamy2008fractal,
  title={Fractal Dimension for Data Mining},
  author={Kumaraswamy, K.},
  year={2008},
  publisher={Carnegie Mellon University: The United States of America}
}

@article{roweis2000nonlinear,
  title={Nonlinear dimensionality reduction by locally linear embedding},
  author={Roweis, S.T. and Saul, L.K.},
  journal={Science},
  volume={290},
  number={5500},
  pages={2323--2326},
  year={2000},
  publisher={American Association for the Advancement of Science}
}

@article{levina2004maximum,
  title={Maximum likelihood estimation of intrinsic dimension},
  author={Levina, E. and Bickel, P.J.},
  journal={Ann Arbor MI},
  volume={48109},
  pages={1092},
  year={2004}
}

@article{theiler1990estimating,
  title={Estimating fractal dimension},
  author={Theiler, J.},
  journal={JOSA A},
  volume={7},
  number={6},
  pages={1055--1073},
  year={1990},
  publisher={Optical Society of America}
}

@book{edgar2008measure,
  title={Measure, topology, and fractal geometry},
  author={Edgar, G.A.},
  year={2008}
}



