@article{barabasi1999emergence,
  title={Emergence of scaling in random networks},
  author={Barab{\'a}si, A.L. and Albert, R.},
  journal={science},
  volume={286},
  number={5439},
  pages={509--512},
  year={1999},
  publisher={American Association for the Advancement of Science}
}

@article{clauset2007power,
  title={Power-law distributions in empirical data},
  author={Clauset, A. and Shalizi, C.R. and Newman, M.E.J.},
  journal={Arxiv preprint arxiv:0706.1062},
  year={2007}
}

