@article{li1993introduction,
  title={An introduction to Kolmogorov complexity and its applications},
  author={Li, Ming and Vitanyi, Paul MB},
  year={1993},
  publisher={Springer-Verlag}
}

@article{antunes2009depth,
  title={Depth as randomness deficiency},
  author={Antunes, Lu{\'\i}s and Matos, Armando and Souto, Andr{\'e} and Vit{\'a}nyi, Paul},
  journal={Theory of Computing Systems},
  volume={45},
  number={4},
  pages={724--739},
  year={2009},
  publisher={Springer}
}
