@inproceedings{nickel2016holographic,
  title={Holographic Embeddings of Knowledge Graphs.},
  author={Nickel, Maximilian and Rosasco, Lorenzo and Poggio, Tomaso A and others},
  booktitle={AAAI},
  pages={1955--1961},
  year={2016}
}

@inproceedings{trouillon2016complex,
  title={Complex embeddings for simple link prediction},
  author={Trouillon, Th{\'e}o and Welbl, Johannes and Riedel, Sebastian and Gaussier, {\'E}ric and Bouchard, Guillaume},
  booktitle={International Conference on Machine Learning},
  pages={2071--2080},
  year={2016}
}

@article{myronenko2010point,
  title={Point set registration: Coherent point drift},
  author={Myronenko, Andriy and Song, Xubo},
  journal={IEEE transactions on pattern analysis and machine intelligence},
  volume={32},
  number={12},
  pages={2262--2275},
  year={2010},
  publisher={IEEE}
}