@article{bloem2017large,
  title={Large-Scale Network Motif Learning with Compression},
  author={Bloem, Peter and de Rooij, Steven},
  journal={arXiv preprint arXiv:1701.02026},
  year={2017}
}