@inproceedings{carstens2013motifs,
  author    = {C. J. Carstens},
  title     = {Motifs in Directed Acyclic Networks},
  booktitle = {International Conference on Signal-Image Technology {\&} Internet-Based
               Systems, {SITIS} 2013, Kyoto, Japan, December 2-5, 2013},
  pages     = {605--611},
  year      = {2013},
  crossref  = {DBLP:conf/sitis/2013},
  url       = {http://dx.doi.org/10.1109/SITIS.2013.99},
  doi       = {10.1109/SITIS.2013.99},
  timestamp = {Mon, 03 Feb 2014 17:51:43 +0100},
  biburl    = {http://dblp.uni-trier.de/rec/bib/conf/sitis/Carstens13},
  bibsource = {dblp computer science bibliography, http://dblp.org}
}

@proceedings{DBLP:conf/sitis/2013,
  title     = {International Conference on Signal-Image Technology {\&} Internet-Based
               Systems, {SITIS} 2013, Kyoto, Japan, December 2-5, 2013},
  publisher = {{IEEE}},
  year      = {2013},
  url       = {http://ieeexplore.ieee.org/xpl/mostRecentIssue.jsp?punumber=6724378},
  timestamp = {Mon, 03 Feb 2014 17:41:20 +0100},
  biburl    = {http://dblp.uni-trier.de/rec/bib/conf/sitis/2013},
  bibsource = {dblp computer science bibliography, http://dblp.org}
}

@inproceedings{wernicke2005faster,
  author    = {Sebastian Wernicke},
  title     = {A Faster Algorithm for Detecting Network Motifs},
  booktitle = {Algorithms in Bioinformatics, 5th International Workshop, {WABI} 2005,
               Mallorca, Spain, October 3-6, 2005, Proceedings},
  pages     = {165--177},
  year      = {2005},
  crossref  = {DBLP:conf/wabi/2005},
  url       = {http://dx.doi.org/10.1007/11557067_14},
  doi       = {10.1007/11557067_14},
  timestamp = {Wed, 09 Nov 2005 10:21:02 +0100},
  biburl    = {http://dblp.uni-trier.de/rec/bib/conf/wabi/Wernicke05},
  bibsource = {dblp computer science bibliography, http://dblp.org}
}

@proceedings{DBLP:conf/wabi/2005,
  editor    = {Rita Casadio and
               Gene Myers},
  title     = {Algorithms in Bioinformatics, 5th International Workshop, {WABI} 2005,
               Mallorca, Spain, October 3-6, 2005, Proceedings},
  series    = {Lecture Notes in Computer Science},
  volume    = {3692},
  publisher = {Springer},
  year      = {2005},
  isbn      = {3-540-29008-7},
  timestamp = {Wed, 09 Nov 2005 10:21:02 +0100},
  biburl    = {http://dblp.uni-trier.de/rec/bib/conf/wabi/2005},
  bibsource = {dblp computer science bibliography, http://dblp.org}
}

@article{kashtan2004efficient,
  author    = {Nadav Kashtan and
               Shalev Itzkovitz and
               Ron Milo and
               Uri Alon},
  title     = {Efficient sampling algorithm for estimating subgraph concentrations
               and detecting network motifs},
  journal   = {Bioinformatics},
  volume    = {20},
  number    = {11},
  pages     = {1746--1758},
  year      = {2004},
  url       = {http://dx.doi.org/10.1093/bioinformatics/bth163},
  doi       = {10.1093/bioinformatics/bth163},
  timestamp = {Wed, 16 Jun 2010 15:59:39 +0200},
  biburl    = {http://dblp.uni-trier.de/rec/bib/journals/bioinformatics/KashtanIMA04},
  bibsource = {dblp computer science bibliography, http://dblp.org}
}

@article{milo2002network,
  title={Network motifs: simple building blocks of complex networks},
  author={Milo, Ron and Shen-Orr, Shai and Itzkovitz, Shalev and Kashtan, Nadav and Chklovskii, Dmitri and Alon, Uri},
  journal={Science},
  volume={298},
  number={5594},
  pages={824--827},
  year={2002},
  publisher={American Association for the Advancement of Science}
}

@article{cook1994substructure,
  author    = {Diane J. Cook and
               Lawrence B. Holder},
  title     = {Substructure Discovery Using Minimum Description Length and Background
               Knowledge},
  journal   = {CoRR},
  volume    = {cs.AI/9402102},
  year      = {1994},
  url       = {http://arxiv.org/abs/cs.AI/9402102},
  timestamp = {Wed, 21 Apr 4431249 20:25:04 +},
  biburl    = {http://dblp.uni-trier.de/rec/bib/journals/corr/cs-AI-9402102},
  bibsource = {dblp computer science bibliography, http://dblp.org}
}

@book{grunwald2007minimum,
  title={The minimum description length principle},
  author={P.D. Gr{\"u}nwald},
  year={2007},
  publisher={The MIT Press}
}

@article{milo2002network,
  title={Network motifs: simple building blocks of complex networks},
  author={Milo, Ron and Shen-{O}rr, Shai and Itzkovitz, Shalev and Kashtan, Nadav and Chklovskii, Dmitri and Alon, Uri},
  journal={Science},
  volume={298},
  number={5594},
  pages={824--827},
  year={2002},
  publisher={American Association for the Advancement of Science}
}

@article{kashtan2004efficient,
  author    = {Nadav Kashtan and
               Shalev Itzkovitz and
               Ron Milo and
               Uri Alon},
  title     = {Efficient sampling algorithm for estimating subgraph concentrations
               and detecting network motifs},
  journal   = {Bioinformatics},
  volume    = {20},
  number    = {11},
  pages     = {1746--1758},
  year      = {2004},
  url       = {http://dx.doi.org/10.1093/bioinformatics/bth163},
  doi       = {10.1093/bioinformatics/bth163},
  timestamp = {Wed, 16 Jun 2010 15:59:39 +0200},
  biburl    = {http://dblp.uni-trier.de/rec/bib/journals/bioinformatics/KashtanIMA04},
  bibsource = {dblp computer science bibliography, http://dblp.org}
}

@article{wong2012biological,
  title={Biological network motif detection: principles and practice},
  author={Wong, Elisabeth and Baur, Brittany and Quader, Saad and Huang, Chun-Hsi},
  journal={Briefings in bioinformatics},
  volume={13},
  number={2},
  pages={202--215},
  year={2012},
  publisher={Oxford Univ Press}
}

@inproceedings{adamic2008knowledge,
  author    = {Lada A. Adamic and
               Jun Zhang and
               Eytan Bakshy and
               Mark S. Ackerman},
  title     = {Knowledge sharing and {Y}ahoo answers: everyone knows something},
  booktitle = {Proceedings of the 17th International Conference on World Wide Web,
               {WWW} 2008, Beijing, China, April 21-25, 2008},
  pages     = {665--674},
  year      = {2008},
  crossref  = {DBLP:conf/www/2008},
  url       = {http://doi.acm.org/10.1145/1367497.1367587},
  doi       = {10.1145/1367497.1367587},
  timestamp = {Fri, 14 Dec 2012 07:52:21 +0100},
  biburl    = {http://dblp.uni-trier.de/rec/bib/conf/www/AdamicZBA08},
  bibsource = {dblp computer science bibliography, http://dblp.org}
}

@article{sporns2004motifs,
  title={Motifs in brain networks},
  author={Sporns, Olaf and K{\"o}tter, Rolf},
  journal={PLoS Biol},
  volume={2},
  number={11},
  pages={e369},
  year={2004}
}

@book{cover2006elements,
  author    = {Thomas M. Cover and
               Joy A. Thomas},
  title     = {Elements of information theory {(2.} ed.)},
  publisher = {Wiley},
  year      = {2006},
  isbn      = {978-0-471-24195-9},
  timestamp = {Fri, 25 Mar 2011 09:04:29 +0100},
  biburl    = {http://dblp.uni-trier.de/rec/bib/books/daglib/0016881},
  bibsource = {dblp computer science bibliography, http://dblp.org}
}

@article{rissanen1979arithmetic,
  title={Arithmetic coding},
  author={Rissanen, Jorma and Langdon, Glen G},
  journal={IBM Journal of research and development},
  volume={23},
  number={2},
  pages={149--162},
  year={1979},
  publisher={IBM Corp.}
}

@article{charo2010efficient,
  author    = {Charo I. Del Genio and
               Hyunju Kim and
               Zolt{\'{a}}n Toroczkai and
               Kevin E. Bassler},
  title     = {Efficient and exact sampling of simple graphs with given arbitrary
               degree sequence},
  journal   = {CoRR},
  volume    = {abs/1002.2975},
  year      = {2010},
  url       = {http://arxiv.org/abs/1002.2975},
  timestamp = {Mon, 05 Dec 2011 18:05:15 +0100},
  biburl    = {http://dblp.uni-trier.de/rec/bib/journals/corr/abs-1002-2975},
  bibsource = {dblp computer science bibliography, http://dblp.org}
}

@article{blitzstein2011sequential,
  author    = {Joseph K. Blitzstein and
               Persi Diaconis},
  title     = {A Sequential Importance Sampling Algorithm for Generating Random Graphs
               with Prescribed Degrees},
  journal   = {Internet Mathematics},
  volume    = {6},
  number    = {4},
  pages     = {489--522},
  year      = {2011},
  url       = {http://dx.doi.org/10.1080/15427951.2010.557277},
  doi       = {10.1080/15427951.2010.557277},
  timestamp = {Thu, 08 Mar 2012 12:24:04 +0100},
  biburl    = {http://dblp.uni-trier.de/rec/bib/journals/im/BlitzsteinD11},
  bibsource = {dblp computer science bibliography, http://dblp.org}
}

@article{barvinok2010number,
  title={On the number of matrices and a random matrix with prescribed row and column sums and 0--1 entries},
  author={Barvinok, Alexander},
  journal={Advances in Mathematics},
  volume={224},
  number={1},
  pages={316--339},
  year={2010},
  publisher={Elsevier}
}

@article{krichevsky1981performance,
  title={The performance of universal encoding},
  author={Krichevsky, Raphail E and Trofimov, Victor K},
  journal={Information Theory, IEEE Transactions on},
  volume={27},
  number={2},
  pages={199--207},
  year={1981},
  publisher={IEEE}
}

@inproceedings{bezakova2006graph,
  author    = {Ivona Bez{\'{a}}kov{\'{a}} and
               Adam Kalai and
               Rahul Santhanam},
  title     = {Graph model selection using maximum likelihood},
  booktitle = {Machine Learning, Proceedings of the Twenty-Third International Conference
               {(ICML} 2006), Pittsburgh, Pennsylvania, USA, June 25-29, 2006},
  pages     = {105--112},
  year      = {2006},
  crossref  = {DBLP:conf/icml/2006},
  url       = {http://doi.acm.org/10.1145/1143844.1143858},
  doi       = {10.1145/1143844.1143858},
  timestamp = {Mon, 22 Oct 2007 13:47:35 +0200},
  biburl    = {http://dblp.uni-trier.de/rec/bib/conf/icml/BezakovaKS06},
  bibsource = {dblp computer science bibliography, http://dblp.org}
}


@proceedings{DBLP:conf/icml/2006,
  editor    = {William W. Cohen and
               Andrew Moore},
  title     = {Machine Learning, Proceedings of the Twenty-Third International Conference
               {(ICML} 2006), Pittsburgh, Pennsylvania, USA, June 25-29, 2006},
  series    = {{ACM} International Conference Proceeding Series},
  volume    = {148},
  publisher = {{ACM}},
  year      = {2006},
  isbn      = {1-59593-383-2},
  timestamp = {Mon, 22 Oct 2007 13:47:35 +0200},
  biburl    = {http://dblp.uni-trier.de/rec/bib/conf/icml/2006},
  bibsource = {dblp computer science bibliography, http://dblp.org}
}

@article{kim2012constructing,
  title={Constructing and sampling directed graphs with given degree sequences},
  author={Kim, Hyunju and Del Genio, Charo I and Bassler, Kevin E and Toroczkai, Zolt{\'a}n},
  journal={New Journal of Physics},
  volume={14},
  number={2},
  pages={023012},
  year={2012},
  publisher={IOP Publishing}
}

@inproceedings{wernicke2005faster,
  author    = {Sebastian Wernicke},
  title     = {A Faster Algorithm for Detecting Network Motifs},
  booktitle = {Algorithms in Bioinformatics, 5th International Workshop, {WABI} 2005,
               Mallorca, Spain, October 3-6, 2005, Proceedings},
  pages     = {165--177},
  year      = {2005},
  crossref  = {DBLP:conf/wabi/2005},
  url       = {http://dx.doi.org/10.1007/11557067_14},
  doi       = {10.1007/11557067_14},
  timestamp = {Wed, 09 Nov 2005 10:21:02 +0100},
  biburl    = {http://dblp.uni-trier.de/rec/bib/conf/wabi/Wernicke05},
  bibsource = {dblp computer science bibliography, http://dblp.org}
}

@proceedings{DBLP:conf/wabi/2005,
  editor    = {Rita Casadio and
               Gene Myers},
  title     = {Algorithms in Bioinformatics, 5th International Workshop, {WABI} 2005,
               Mallorca, Spain, October 3-6, 2005, Proceedings},
  series    = {Lecture Notes in Computer Science},
  volume    = {3692},
  publisher = {Springer},
  year      = {2005},
  isbn      = {3-540-29008-7},
  timestamp = {Wed, 09 Nov 2005 10:21:02 +0100},
  biburl    = {http://dblp.uni-trier.de/rec/bib/conf/wabi/2005},
  bibsource = {dblp computer science bibliography, http://dblp.org}
}



@article{efron1987better,
  title={Better bootstrap confidence intervals},
  author={Efron, Bradley},
  journal={Journal of the American statistical Association},
  volume={82},
  number={397},
  pages={171--185},
  year={1987},
  publisher={Taylor \& Francis}
}

@book{givens2012computational,
  title={Computational statistics},
  author={Givens, Geof H and Hoeting, Jennifer A},
  volume={710},
  year={2013},
  edition={Second},
  publisher={John Wiley \& Sons}
}

@article{shen2006efficient,
  title={Efficient estimation of log-normal means with application to pharmacokinetic data},
  author={Shen, Haipeng and Brown, Lawrence D and Zhi, Hui},
  journal={Statistics in medicine},
  volume={25},
  number={17},
  pages={3023--3038},
  year={2006},
  publisher={Wiley Online Library}
}

@article{angus1994bootstrap,
  title={Bootstrap one-sided confidence intervals for the log-normal mean},
  author={Angus, John E},
  journal={The Statistician},
  pages={395--401},
  year={1994},
  publisher={JSTOR}
}

@article{zhou1997confidence,
  title={Confidence intervals for the log-normal mean},
  author={Zhou, X.H. and Gao, S.},
  journal={Statistics in medicine},
  volume={16},
  number={7},
  pages={783--790},
  year={1997}
}

@book{li1993introduction,
  title={An introduction to {K}olmogorov complexity and its applications},
  author={M. Li and P.M.B. Vit\'anyi},
  year={1993},
  publisher={Springer-Verlag}
}

@MISC{konect:2015:moreno_cattle,
    title = {Cattle network dataset -- {KONECT}},
    month = jan,
    year = {2015},
    url = {http://konect.uni-koblenz.de/networks/moreno_cattle}
}

@article{schein1955social,
  title={Social Dominance Relationships in a Herd of Dairy Cattle},
  author={Schein, Martin W. and Fohrman, Milton H.},
  journal={The British J. of Animal Behaviour},
  volume={3},
  number={2},
  pages={45--55},
  year={1955},
  publisher={Elsevier}
}

@inproceedings{konect,
	title = {{KONECT} -- {The} {Koblenz} {Network} {Collection}},
	author = {J\'er\^ome Kunegis},
	year = {2013},
	booktitle = {Proc. Int. Conf. on World Wide Web Companion},
	pages = {1343--1350},
	url = {http://userpages.uni-koblenz.de/~kunegis/paper/kunegis-koblenz-network-collection.pdf}, 
	url_presentation = {http://userpages.uni-koblenz.de/~kunegis/paper/kunegis-koblenz-network-collection.presentation.pdf},
}

@MISC{konect:2015:brunson_revolution,
	author = {KONECT},
    title = {American Revolution network dataset -- {KONECT}},
    month = apr,
    year = {2015},
    url = {http://konect.uni-koblenz.de/networks/brunson_revolution},
    inproceedings = {konect}
}

@MISC{konect:2014:ca-AstroPh,
	author = {KONECT},
    title = {arXiv astro-ph network dataset -- {KONECT}},
    month = oct,
    year = {2014},
    url = {http://konect.uni-koblenz.de/networks/ca-AstroPh}
}

@article{konect:leskovec107,
        title = {Graph Evolution: Densification and Shrinking
                  Diameters},
        author = {Jure Leskovec and Jon Kleinberg and Christos
                  Faloutsos}, 
        journal = {ACM Trans. Knowledge Discovery from Data},   
        year = {2007},
        volume = {1},
        number = {1},
        pages = {1--40},
}

@MISC{konect:2014:moreno_names,
	author = {KONECT},
    title = {King James network dataset -- {KONECT}},
    month = oct,
    year = {2014},
    url = {http://konect.uni-koblenz.de/networks/moreno_names},
    inpreoceedings = {konect}
}

@misc{konect:harrison,
  author = {Christoph R\"{o}mhild and Chris Harrison},
  year={2007},
  howpublished = {\url{http://chrisharrison.net/projects/bibleviz/index.html}},
  note = {Accessed: 2014-08-22},
  inproceedings = {konect}
}

@MISC{konect:2014:opsahl-openflights,
    title = {OpenFlights network dataset -- {KONECT}},
    month = oct,
    year = {2014},
    url = {http://konect.uni-koblenz.de/networks/opsahl-openflights}
}

@article{konect:opsahl2010b,
	title = {Node Centrality in Weighted Networks: Generalizing Degree and Shortest Paths},
	author = {Tore Opsahl and Filip Agneessens and John Skvoretz},
	journal = {Social Networks},
	year = {2010},
	number = {32},
	volume = {3},
	pages = {245--251},
}

@MISC{konect:2014:ego-twitter,
    title = {Twitter lists network dataset -- {KONECT}},
    month = oct,
    year = {2014},
    url = {http://konect.uni-koblenz.de/networks/ego-twitter}
}

@incollection{konect:McAuley2012,
	title ={Learning to Discover Social Circles in Ego Networks},
	author={Julian McAuley and Jure Leskovec},
	booktitle = {Advances in Neural Information Processing Systems},
	pages = {548--556},
	year = {2012},
}

@inproceedings{ribeiro2009strategies,
  title={Strategies for network motifs discovery},
  author={Ribeiro, Pedro and Silva, Fernando and Kaiser, Marcus},
  booktitle={e-Science, 2009. e-Science'09. Fifth IEEE International Conference on},
  pages={80--87},
  year={2009},
  organization={IEEE}
}



@inproceedings{chen2006nemofinder,
  author    = {Jin Chen and
               Wynne Hsu and
               Mong{-}Li Lee and
               See{-}Kiong Ng},
  title     = {NeMoFinder: dissecting genome-wide protein-protein interactions with
               meso-scale network motifs},
  booktitle = {Proceedings of the Twelfth {ACM} {SIGKDD} International Conference
               on Knowledge Discovery and Data Mining, Philadelphia, PA, USA, August
               20-23, 2006},
  pages     = {106--115},
  year      = {2006},
  crossref  = {DBLP:conf/kdd/2006},
  url       = {http://doi.acm.org/10.1145/1150402.1150418},
  doi       = {10.1145/1150402.1150418},
  timestamp = {Wed, 20 Dec 2006 14:06:10 +0100},
  biburl    = {http://dblp.uni-trier.de/rec/bib/conf/kdd/ChenHLN06},
  bibsource = {dblp computer science bibliography, http://dblp.org}
}

@proceedings{DBLP:conf/kdd/2006,
  editor    = {Tina Eliassi{-}Rad and
               Lyle H. Ungar and
               Mark Craven and
               Dimitrios Gunopulos},
  title     = {Proceedings of the Twelfth {ACM} {SIGKDD} International Conference
               on Knowledge Discovery and Data Mining, Philadelphia, PA, USA, August
               20-23, 2006},
  publisher = {{ACM}},
  year      = {2006},
  isbn      = {1-59593-339-5},
  timestamp = {Wed, 20 Dec 2006 14:06:10 +0100},
  biburl    = {http://dblp.uni-trier.de/rec/bib/conf/kdd/2006},
  bibsource = {dblp computer science bibliography, http://dblp.org}
}

@article{rissanen1978modeling,
  title={Modeling by shortest data description},
  author={Rissanen, Jorma},
  journal={Automatica},
  volume={14},
  number={5},
  pages={465--471},
  year={1978},
  publisher={Elsevier}
}

@article{kiefer1953sequential,
  title={Sequential minimax search for a maximum},
  author={Kiefer, Jack},
  journal={Proceedings of the American Mathematical Society},
  volume={4},
  number={3},
  pages={502--506},
  year={1953},
  publisher={JSTOR}
}

@book{mckay1981practical,
  title={Practical graph isomorphism},
  author={McKay, Brendan D and others},
  year={1981},
  publisher={Department of Computer Science, Vanderbilt University Tennessee, US}
}

@article{gehrke2003overview,
  title={Overview of the 2003 KDD Cup},
  author={Gehrke, Johannes and Ginsparg, Paul and Kleinberg, Jon},
  journal={ACM SIGKDD Explorations Newsletter},
  volume={5},
  number={2},
  pages={149--151},
  year={2003},
  publisher={ACM}
}

@MISC{konect:2015:moreno_innovation,
	author = {KONECT},
    title = {Physicians network dataset -- {KONECT}},
    month = apr,
    year = {2015},
    url = {http://konect.uni-koblenz.de/networks/moreno_innovation}
}

@article{konect:coleman1957,
  title={The Diffusion of an Innovation Among Physicians},
  author={Coleman, James and Katz, Elihu and Menzel, Herbert},
  journal={Sociometry},
  pages={253--270},
  year={1957},
  _publisher={JSTOR}
}

@article{reguly2006comprehensive,
  title={Comprehensive curation and analysis of global interaction networks in Saccharomyces cerevisiae},
  author={Reguly, Teresa and Breitkreutz, Ashton and Boucher, Lorrie and Breitkreutz, Bobby-Joe and Hon, Gary C and Myers, Chad L and Parsons, Ainslie and Friesen, Helena and Oughtred, Rose and Tong, Amy and others},
  journal={Journal of biology},
  volume={5},
  number={4},
  pages={11},
  year={2006},
  publisher={BioMed Central Ltd}
}

@article{konagurthu2008origin,
  title={On the origin of distribution patterns of motifs in biological networks},
  author={Konagurthu, Arun S and Lesk, Arthur M},
  journal={BMC Systems Biology},
  volume={2},
  number={1},
  pages={73},
  year={2008},
  publisher={BioMed Central Ltd}
}

@article{gilbert1959random,
  title={Random graphs},
  author={Gilbert, Edgar N},
  journal={The Annals of Mathematical Statistics},
  pages={1141--1144},
  year={1959},
  publisher={JSTOR}
}

@article{renyi1959random,
  title={On random graphs},
  author={Renyi, A and Erd\H{o}s, P},
  journal={Publicationes Mathematicae},
  volume={6},
  number={290-297},
  pages={5},
  year={1959}
}

@MISC{konect:2015:link-dynamic-nlwiki,
    title = {Wikipedia, nl (dynamic)  network dataset -- {KONECT}},
    month = apr,
    year = {2015},
    url = {http://konect.uni-koblenz.de/networks/link-dynamic-nlwiki}
}

@inproceedings{konect:unlink,
	author = {Preusse, Julia and Kunegis, J\'er\^ome and Thimm, Matthias and Gottron, Thomas and Staab, Steffen},
	title = {Structural Dynamics of Knowledge Networks},
	booktitle = {Proc. Int. Conf. on Weblogs and Social Media},
	year = {2013},
}

@book{newman2010networks,
  title={Networks: an introduction},
  author={Newman, Mark},
  year={2010},
  publisher={Oxford University Press}
}

@inproceedings{bezakova2006graph,
   author              = {Ivona Bezáková and 
                          Adam Kalai and 
                          Rahul Santhanam},
   title               = {Graph model selection using maximum likelihood.},
   booktitle           = {ICML},
   year                = {2006},
   pages               = {105-112},
   ee                  = {http://doi.acm.org/10.1145/1143844.1143858},
   crossref            = {2006},
}

@article{albert2002statistical,
  title={Statistical mechanics of complex networks},
  author={Albert, R{\'e}ka and Barab{\'a}si, Albert-L{\'a}szl{\'o}},
  journal={Reviews of modern physics},
  volume={74},
  number={1},
  pages={47},
  year={2002},
  publisher={APS}
}

@inproceedings{backstrom2012four,
  title={Four degrees of separation},
  author={Backstrom, Lars and Boldi, Paolo and Rosa, Marco and Ugander, Johan and Vigna, Sebastiano},
  booktitle={Proceedings of the 4th Annual ACM Web Science Conference},
  pages={33--42},
  year={2012},
  organization={ACM}
}

@article{liu2015detecting,
  title={Detecting multiple stochastic network motifs in network data},
  author={Liu, Kai and Cheung, William K and Liu, Jiming},
  journal={Knowledge and Information Systems},
  volume={42},
  number={1},
  pages={49--74},
  year={2015},
  publisher={Springer}
}

@inproceedings{ribeiro2010g,
  title={G-tries: an efficient data structure for discovering network motifs},
  author={Ribeiro, Pedro and Silva, Fernando},
  booktitle={Proceedings of the 2010 ACM Symposium on Applied Computing},
  pages={1559--1566},
  year={2010},
  organization={ACM}
}

@article{paredes2015rand,
  title={Rand-FaSE: fast approximate subgraph census},
  author={Paredes, Pedro and Ribeiro, Pedro},
  journal={Social Network Analysis and Mining},
  volume={5},
  number={1},
  pages={1--18},
  year={2015},
  publisher={Springer}
}

@article{masoudi2012building,
  title={Building blocks of biological networks: a review on major network motif discovery algorithms},
  author={Masoudi-Nejad, Ali and Schreiber, Falk and Kashani, ZRM},
  journal={IET systems biology},
  volume={6},
  number={5},
  pages={164--174},
  year={2012},
  publisher={IET}
}

@inproceedings{grochow2007network,
  title={Network motif discovery using subgraph enumeration and symmetry-breaking},
  author={Grochow, Joshua A and Kellis, Manolis},
  booktitle={Annual International Conference on Research in Computational Molecular Biology},
  pages={92--106},
  year={2007},
  organization={Springer}
}

@article{picard2008assessing,
  title={Assessing the exceptionality of network motifs},
  author={Picard, Franck and Daudin, J-J and Koskas, Michel and Schbath, Sophie and Robin, Stephane},
  journal={Journal of Computational Biology},
  volume={15},
  number={1},
  pages={1--20},
  year={2008},
  publisher={Mary Ann Liebert, Inc. 2 Madison Avenue Larchmont, NY 10538 USA}
}

@article{picard2008assessing,
  title={Assessing the exceptionality of network motifs},
  author={Picard, Franck and Daudin, J-J and Koskas, Michel and Schbath, Sophie and Robin, Stephane},
  journal={Journal of Computational Biology},
  volume={15},
  number={1},
  pages={1--20},
  year={2008},
  publisher={Mary Ann Liebert, Inc. 2 Madison Avenue Larchmont, NY 10538 USA}
}

@article{hovcevar2014combinatorial,
  title={A combinatorial approach to graphlet counting},
  author={Ho{\v{c}}evar, Toma{\v{z}} and Dem{\v{s}}ar, Janez},
  journal={Bioinformatics},
  volume={30},
  number={4},
  pages={559--565},
  year={2014},
  publisher={Oxford Univ Press}
}

@article{schreiber2004towards,
  title={Towards motif detection in networks: frequency concepts and flexible search},
  author={Schreiber, Falk and Schwobbermeyer, Henning},
  journal={Proc. Intl. Wsh. Network Tools and Applications in Biology (NETTAB’04)},
  pages={91--102},
  year={2004}
}

@inproceedings{slota2014complex,
  title={Complex network analysis using parallel approximate motif counting},
  author={Slota, George M and Madduri, Kamesh},
  booktitle={Parallel and Distributed Processing Symposium, 2014 IEEE 28th International},
  pages={405--414},
  year={2014},
  organization={IEEE}
}

@inproceedings{bhuiyan2012guise,
  title={Guise: Uniform sampling of graphlets for large graph analysis},
  author={Bhuiyan, Mansurul A and Rahman, Mahmudur and Rahman, Mahmuda and Al Hasan, Mohammad},
  booktitle={2012 IEEE 12th International Conference on Data Mining},
  pages={91--100},
  year={2012},
  organization={IEEE}
}

@inproceedings{jha2015path,
  title={Path sampling: A fast and provable method for estimating 4-vertex subgraph counts},
  author={Jha, Madhav and Seshadhri, C and Pinar, Ali},
  booktitle={Proceedings of the 24th International Conference on World Wide Web},
  pages={495--505},
  year={2015},
  organization={ACM}
}

@article{khakabimamaghani2013quatexelero,
  title={QuateXelero: an accelerated exact network motif detection algorithm},
  author={Khakabimamaghani, Sahand and Sharafuddin, Iman and Dichter, Norbert and Koch, Ina and Masoudi-Nejad, Ali},
  journal={PloS one},
  volume={8},
  number={7},
  pages={e68073},
  year={2013},
  publisher={Public Library of Science}
}

@article{koskas2011nemo,
  title={NeMo: Fast count of network motifs},
  author={Koskas, Michel and Grasseau, Gilles and Birmel{\'e}, Etienne and Schbath, Sophie and Robin, St{\'e}phane},
  journal={Book of Abstracts for Journ{\'e}es Ouvertes Biologie Informatique Math{\'e}matiques (JOBIM)},
  pages={53--60},
  year={2011}
}

@article{li2012netmode,
  title={Netmode: Network motif detection without nauty},
  author={Li, Xin and Stones, Douglas S and Wang, Haidong and Deng, Hualiang and Liu, Xiaoguang and Wang, Gang},
  journal={PloS one},
  volume={7},
  number={12},
  pages={e50093},
  year={2012},
  publisher={Public Library of Science}
}

@article{meira2014acc,
  title={Acc-Motif: accelerated network motif detection},
  author={Meira, Luis AA and M{\'a}ximo, Vin{\'\i}cius R and Fazenda, {\'A}lvaro L and Da Concei{\c{c}}{\~a}o, Arlindo F},
  journal={IEEE/ACM Transactions on Computational Biology and Bioinformatics (TCBB)},
  volume={11},
  number={5},
  pages={853--862},
  year={2014},
  publisher={IEEE Computer Society Press}
}

@article{bender1978asymptotic,
  title={The asymptotic number of labeled graphs with given degree sequences},
  author={Bender, Edward A and Canfield, E Rodney},
  journal={Journal of Combinatorial Theory, Series A},
  volume={24},
  number={3},
  pages={296--307},
  year={1978},
  publisher={Elsevier}
}

@incollection{knerr1990single,
  title={Single-layer learning revisited: a stepwise procedure for building and training a neural network},
  author={Knerr, Stefan and Personnaz, L{\'e}on and Dreyfus, G{\'e}rard},
  booktitle={Neurocomputing},
  pages={41--50},
  year={1990},
  publisher={Springer}
}

@inproceedings{ristoski2016collection,
  title={A collection of benchmark datasets for systematic evaluations of machine learning on the semantic web},
  author={Ristoski, Petar and de Vries, Gerben Klaas Dirk and Paulheim, Heiko},
  booktitle={International Semantic Web Conference},
  pages={186--194},
  year={2016},
  organization={Springer}
}

@MISC{konect:2016:link-dynamic-nlwiki,
	author = {KONECT},
    title = {Wikipedia, nl (dynamic) network dataset -- {KONECT}},
    month = oct,
    year = {2016},
    url = {http://konect.uni-koblenz.de/networks/link-dynamic-nlwiki}
}

@inproceedings{konect:unlink,
	author = {Preusse, Julia and Kunegis, Jérôme and Thimm, Matthias and Gottron, Thomas and Staab, Steffen},
	title = {Structural Dynamics of Knowledge Networks},
	booktitle = {Proc. Int. Conf. on Weblogs and Social Media},
	year = {2013},
}

@MISC{konect:2016:twitter,
	author = {KONECT},
    title = {Twitter (WWW) network dataset -- {KONECT}},
    month = oct,
    year = {2016},
    url = {http://konect.uni-koblenz.de/networks/twitter}
}

@inproceedings{konect:twitter1,
        title = {What is {Twitter}, a Social Network or a News Media?}, 
        author = {Haewoon Kwak and Changhyun Lee and Hosung Park and Sue Moon}, 
        booktitle = {Proc. Int. World Wide Web Conf.},
        year = {2010},
        pages = {591--600}, 
}

@MISC{konect:2016:dbpedia-link,
	author = {KONECT},
    title = {Wikipedia, English network dataset -- {KONECT}},
    month = oct,
    year = {2016},
    url = {http://konect.uni-koblenz.de/networks/dbpedia-link}
}

@inproceedings{konect:dbpedia2,
        author = {Sören Auer and Christian Bizer and Georgi Kobilarov
                  and Jens Lehmann and Richard Cyganiak and Zachary
                  Ives},
        title = {{DBpedia}: A Nucleus for a Web of Open Data },
        booktitle = {Proc. Int. Semantic Web Conf.},    
        pages = {722--735},
        year = {2008},
}

@MISC{konect:2016:friendster,
	author = {KONECT},
    title = {Friendster network dataset -- {KONECT}},
    month = oct,
    year = {2016},
    url = {http://konect.uni-koblenz.de/networks/friendster}
}

@article{carstens2016curveball,
  title={Curveball: a new generation of sampling algorithms for graphs with fixed degree sequence},
  author={Carstens, Corrie Jacobien and Berger, Annabell and Strona, Giovanni},
  journal={arXiv preprint arXiv:1609.05137},
  year={2016}
}

@article{strona2014fast,
  title={A fast and unbiased procedure to randomize ecological binary matrices with fixed row and column totals},
  author={Strona, Giovanni and Nappo, Domenico and Boccacci, Francesco and Fattorini, Simone and San-Miguel-Ayanz, Jesus},
  journal={Nature communications},
  volume={5},
  year={2014},
  publisher={Nature Publishing Group}
}
@article{fernandez2013binary,
  title={Binary RDF representation for publication and exchange (HDT)},
  author={Fern{\'a}ndez, Javier D and Mart{\'\i}nez-Prieto, Miguel A and Guti{\'e}rrez, Claudio and Polleres, Axel and Arias, Mario},
  journal={Web Semantics: Science, Services and Agents on the World Wide Web},
  volume={19},
  pages={22--41},
  year={2013},
  publisher={Elsevier}
}

@inproceedings{shervashidze2009efficient,
  title={Efficient graphlet kernels for large graph comparison.},
  author={Shervashidze, Nino and Vishwanathan, SVN and Petri, Tobias and Mehlhorn, Kurt and Borgwardt, Karsten M},
  booktitle={AISTATS},
  volume={5},
  pages={488--495},
  year={2009}
}

@inproceedings{wu2011characterizing,
  title={Characterizing wikipedia pages using edit network motif profiles},
  author={Wu, Guangyu and Harrigan, Martin and Cunningham, P{\'a}draig},
  booktitle={Proceedings of the 3rd international workshop on Search and mining user-generated contents},
  pages={45--52},
  year={2011},
  organization={ACM}
}

@article{arenas2008motif,
  title={Motif-based communities in complex networks},
  author={Arenas, Alex and Fernandez, Alberto and Fortunato, Santo and G{\'o}mez, Sergio},
  journal={Journal of Physics A: Mathematical and Theoretical},
  volume={41},
  number={22},
  pages={224001},
  year={2008},
  publisher={IOP Publishing}
}

@article{wang2012efficiently,
  title={An efficiently computable support measure for frequent subgraph pattern mining},
  author={Wang, Yuyi and Ramon, Jan},
  journal={Machine Learning and Knowledge Discovery in Databases},
  pages={362--377},
  year={2012},
  publisher={Springer}
}

@book{aggarwal2014frequent,
  title={Frequent pattern mining},
  author={Aggarwal, Charu C and Han, Jiawei},
  year={2014},
  publisher={Springer}
}

@article{pham2016column,
  title={Column Networks for Collective Classification},
  author={Pham, Trang and Tran, Truyen and Phung, Dinh and Venkatesh, Svetha},
  journal={arXiv preprint arXiv:1609.04508},
  year={2016}
}

@inproceedings{leeuwen2006compression,
  author    = {Matthijs van Leeuwen and
               Jilles Vreeken and
               Arno Siebes},
  title     = {Compression Picks Item Sets That Matter},
  booktitle = {Knowledge Discovery in Databases: {PKDD} 2006, 10th European Conference
               on Principles and Practice of Knowledge Discovery in Databases, Berlin,
               Germany, September 18-22, 2006, Proceedings},
  pages     = {585--592},
  year      = {2006},
  crossref  = {DBLP:conf/pkdd/2006},
  url       = {http://dx.doi.org/10.1007/11871637_59},
  doi       = {10.1007/11871637_59},
  timestamp = {Mon, 23 Oct 2006 13:11:17 +0200},
  biburl    = {http://dblp.uni-trier.de/rec/bib/conf/pkdd/LeeuwenVS06},
  bibsource = {dblp computer science bibliography, http://dblp.org}
}

@proceedings{DBLP:conf/pkdd/2006,
  editor    = {Johannes F{\"{u}}rnkranz and
               Tobias Scheffer and
               Myra Spiliopoulou},
  title     = {Knowledge Discovery in Databases: {PKDD} 2006, 10th European Conference
               on Principles and Practice of Knowledge Discovery in Databases, Berlin,
               Germany, September 18-22, 2006, Proceedings},
  series    = {Lecture Notes in Computer Science},
  volume    = {4213},
  publisher = {Springer},
  year      = {2006},
  isbn      = {3-540-45374-1},
  timestamp = {Mon, 23 Oct 2006 13:11:17 +0200},
  biburl    = {http://dblp.uni-trier.de/rec/bib/conf/pkdd/2006},
  bibsource = {dblp computer science bibliography, http://dblp.org}
}

@article{koutra2015summarizing,
  author    = {Danai Koutra and
               U. Kang and
               Jilles Vreeken and
               Christos Faloutsos},
  title     = {Summarizing and understanding large graphs},
  journal   = {Statistical Analysis and Data Mining},
  volume    = {8},
  number    = {3},
  pages     = {183--202},
  year      = {2015},
  url       = {http://dx.doi.org/10.1002/sam.11267},
  doi       = {10.1002/sam.11267},
  timestamp = {Tue, 23 Jun 2015 10:14:37 +0200},
  biburl    = {http://dblp.uni-trier.de/rec/bib/journals/sadm/KoutraKVF15},
  bibsource = {dblp computer science bibliography, http://dblp.org}
}


@inproceedings{bollobas1976cliques,
  title={Cliques in random graphs},
  author={Bollob{\'a}s, B{\'e}la and Erd\H{o}s, Paul},
  booktitle={Mathematical Proceedings of the Cambridge Philosophical Society},
  volume={80},
  number={3},
  pages={419--427},
  year={1976},
  organization={Cambridge University Press}
}
